@article{10.1145/3386040,
    author = {Laperdrix, Pierre and Bielova, Nataliia and Baudry, Benoit and Avoine, Gildas},
    title = {Browser Fingerprinting: A Survey},
    year = {2020},
    issue_date = {May 2020},
    publisher = {Association for Computing Machinery},
    address = {New York, NY, USA},
    volume = {14},
    number = {2},
    issn = {1559-1131},
    doi = {10.1145/3386040},
    journal = {ACM Trans. Web}
}

@article{10.1155/2022/3363335,
    author = {Zhang, Desheng and Zhang, Jianhui and Bu, Youjun and Chen, Bo and Sun, Chongxin and Wang, Tianyu and Tardif, Pierre-Martin},
    title = {A Survey of Browser Fingerprint Research and Application},
    year = {2022},
    issue_date = {2022},
    publisher = {John Wiley and Sons Ltd.},
    address = {GBR},
    volume = {2022},
    issn = {1530-8669},
    doi = {10.1155/2022/3363335},
    journal = {Wirel. Commun. Mob. Comput.}
}

@inproceedings{10.5555/1881151.1881152,
    author = {Eckersley, Peter},
    title = {How Unique is Your Web Browser?},
    year = {2010},
    isbn = {3642145264},
    publisher = {Springer-Verlag},
    address = {Berlin, Heidelberg},
    booktitle = {Proceedings of the 10th International Conference on Privacy Enhancing Technologies}
}

@misc{amiunique,
    url={https://amiunique.org}
}

@misc{browserleaks,
    url={https://browserleaks.com}
}

@misc{coveryourtracks,
    url={https://coveryourtracks.eff.org}
}

@misc{fingerprint,
    url={https://fingerprint.com}
}

@misc{eff,
    url={https://www.eff.org/deeplinks/2018/06/gdpr-and-browser-fingerprinting-how-it-changes-game-sneakiest-web-trackers}
}

@misc{pixelprivacy,
    url={https://pixelprivacy.com/resources/browser-fingerprinting}
}

@misc{akamai,
    url={https://www.akamai.com/glossary/what-is-a-botnet}
}

@misc{avast,
    url={https://www.avast.com/c-what-is-browser-fingerprinting}
}
